@book{Benyon,
  title = {Designing Interactive Systems},
  author = {David Benyon},
  year = {2010},
  publisher = {Addison Wesley},
}

@article{Stolterman,
  title = {The Nature of Design Practice and Implications for Interaction Design Research},
  author = {Erik Stolterman},
  journal = {International Journal of Design},
  volume = {2},
  year = {2008},
}
@article{Lim,
  title = {The Anatomy of Prototypes: Prototypes as Filters, Prototypes as Manifestations
of Design Ideas},
  author = {Youn-Kyung Lim and Erik Stolterman},
  journal = {ACM Transactions on Computer-Human Interaction},
  volume = {15},
  year = {2008},
}
@article{Penichet,
  title = {A Classification Method for CSCW Systems},
  author = {Penichet et al},
  journal = {Electronic Notes in Theoretical Computer Science},
  volume = {168},
  year = {2007},
}
@ONLINE{Backlog,
  author = {Backlog},
  title = {http://goo.gl/Akgtf},
  month = marts,
  year = {2013},
}
@ONLINE{Dagbog,
  author = {Dagbog},
  title = {http://goo.gl/VORdg},
  month = marts,
  year = {2013}
}
@VIDEO{Medie,
  author = {Medier},
  title = {http://goo.gl/UE8Nv},
  month = april,
  year = {2013}
}
@MEDIA{Proto1,
  author = {Lofi-prototyping},
  title = {http://goo.gl/cBtPPp},
  month = maj,
  year = {2013}
}
@MEDIA{Proto2,
  author = {Hifi-prototyping},
  title = {http://46.149.22.193/},
  month = maj,
  year = {2013}
}


